<record><leader>00000cas a22000007a 4500</leader><controlfield tag="001">19486926</controlfield><controlfield tag="008">890403d192819uumauwr ne      0    0lit d</controlfield><datafield ind1=" " ind2=" " tag="010"><subfield code="a">sn 89070016 </subfield></datafield><datafield ind1=" " ind2=" " tag="040"><subfield code="a">YOX</subfield><subfield code="b">eng</subfield><subfield code="c">YOX</subfield><subfield code="d">OCLCQ</subfield><subfield code="d">OCLCF</subfield><subfield code="d">OCLCO</subfield></datafield><datafield ind1="0" ind2=" " tag="041"><subfield code="a">liteng</subfield></datafield><datafield ind1=" " ind2=" " tag="042"><subfield code="a">msc</subfield></datafield><datafield ind1=" " ind2=" " tag="043"><subfield code="a">n-us---</subfield></datafield><datafield ind1="0" ind2="0" tag="245"><subfield code="a">Tarpininkas =</subfield><subfield code="b">The mediator.</subfield></datafield><datafield ind1="3" ind2="1" tag="246"><subfield code="a">Mediator</subfield></datafield><datafield ind1=" " ind2=" " tag="260"><subfield code="a">South Boston, Mass. :</subfield><subfield code="b">Tarpininkas Pub. Co.</subfield></datafield><datafield ind1=" " ind2=" " tag="300"><subfield code="a">v.</subfield></datafield><datafield ind1=" " ind2=" " tag="310"><subfield code="a">Weekly,</subfield><subfield code="b">Aug. 1, 1930-</subfield></datafield><datafield ind1=" " ind2=" " tag="321"><subfield code="a">Monthly,</subfield><subfield code="b">&lt;Dec. 1928&gt;-July 1930</subfield></datafield><datafield ind1="1" ind2=" " tag="362"><subfield code="a">Began in 1928?</subfield></datafield><datafield ind1=" " ind2=" " tag="515"><subfield code="a">Numbering is irregular.</subfield></datafield><datafield ind1=" " ind2=" " tag="530"><subfield code="a">Also issued on microfilm from the New York Public Library.</subfield></datafield><datafield ind1=" " ind2=" " tag="546"><subfield code="a">In Lithuanian with sections in English.</subfield></datafield><datafield ind1=" " ind2=" " tag="550"><subfield code="a">Official organ of the Lithuanian Chamber of Commerce of the United States.</subfield></datafield><datafield ind1=" " ind2=" " tag="588"><subfield code="a">Description based on: Vol. 1, no. 2 (Dec. 1928).</subfield></datafield><datafield ind1=" " ind2="0" tag="650"><subfield code="a">Lithuanians</subfield><subfield code="z">United States</subfield><subfield code="v">Newspapers.</subfield></datafield><datafield ind1=" " ind2="7" tag="655"><subfield code="a">Newspapers.</subfield><subfield code="2">fast</subfield><subfield code="0">(OCoLC)fst01423814</subfield></datafield><datafield ind1=" " ind2="7" tag="650"><subfield code="a">Lithuanians.</subfield><subfield code="2">fast</subfield><subfield code="0">(OCoLC)fst01000435</subfield></datafield><datafield ind1=" " ind2="7" tag="651"><subfield code="a">United States.</subfield><subfield code="2">fast</subfield><subfield code="0">(OCoLC)fst01204155</subfield></datafield><datafield ind1="2" ind2=" " tag="710"><subfield code="a">Lithuanian Chamber of Commerce of the United States.</subfield></datafield><datafield ind1=" " ind2=" " tag="752"><subfield code="a">United States</subfield><subfield code="b">Massachusetts</subfield><subfield code="c">Suffolk</subfield><subfield code="d">Boston.</subfield></datafield></record>